<record><leader>00000cas a22000007a 4500</leader><controlfield tag="001">14814225</controlfield><controlfield tag="008">861121c19069999inudr ne      0    0eng d</controlfield><datafield ind1=" " ind2=" " tag="010"><subfield code="a">sn 86059075 </subfield></datafield><datafield ind1=" " ind2=" " tag="040"><subfield code="a">NPI</subfield><subfield code="b">eng</subfield><subfield code="c">NPI</subfield><subfield code="d">OCLCQ</subfield></datafield><datafield ind1=" " ind2=" " tag="042"><subfield code="a">msc</subfield></datafield><datafield ind1="0" ind2="4" tag="245"><subfield code="a">The Sullivan daily times.</subfield></datafield><datafield ind1="3" ind2="0" tag="246"><subfield code="a">Sullivan times-Democrat</subfield></datafield><datafield ind1=" " ind2=" " tag="260"><subfield code="a">Sullivan, Ind. :</subfield><subfield code="b">S. Paul Poynter,</subfield><subfield code="c">1906-</subfield></datafield><datafield ind1=" " ind2=" " tag="310"><subfield code="a">Daily (except Sat. and Sun.),</subfield><subfield code="b">Oct. 26, 1942-</subfield></datafield><datafield ind1=" " ind2=" " tag="321"><subfield code="a">Daily (except Sun.),</subfield><subfield code="b">Mar. 24, 1906-Oct. 24, 1942</subfield></datafield><datafield ind1="0" ind2=" " tag="362"><subfield code="a">Vol. 3, no. 234 (Mar. 24, 1906)-</subfield></datafield><datafield ind1=" " ind2=" " tag="500"><subfield code="a">Publisher's name from publishing block of Apr. 2, 1906 issue.</subfield></datafield><datafield ind1=" " ind2=" " tag="500"><subfield code="a">On Thursday published as: Sullivan times-Democrat, &lt;Sept. 17, 1925&gt;-Aug. 30, 1934.</subfield></datafield><datafield ind1=" " ind2=" " tag="752"><subfield code="a">United States</subfield><subfield code="b">Indiana</subfield><subfield code="c">Sullivan</subfield><subfield code="d">Sullivan.</subfield></datafield><datafield ind1="0" ind2="0" tag="780"><subfield code="t">Sullivan evening times</subfield><subfield code="w">(DLC)sn 86059074</subfield></datafield><datafield ind1="0" ind2="5" tag="780"><subfield code="t">Sullivan Democrat (Sullivan, Ind. : 1854)</subfield><subfield code="w">(DLC)sn 82015402</subfield></datafield></record>